@misc{	IPCC-synthesis-07,
		author = "{Intergovernmental Panel on Climate Change}",
		title = "{Climate Change 2007: Synthesis Report}",
		year = "2007",
		note="Section 1.1",
		howpublished={\url{http://www.ipcc.ch/publications_and_data/ar4/syr/en/mains1.html}}}
		
@misc{	IPCC-glossary-mitigation,
		author = "{Intergovernmental Panel on Climate Change}",
		title = "{Annex I Glossary}",
		year = "Accessed 2007",
		note="Mitigation",
		howpublished={\url{http://www.ipcc.ch/pdf/glossary/ar4-wg3.pdf}}}
		
@misc{	IPCC-glossary-adaptation,
		author = "{Intergovernmental Panel on Climate Change}",
		title = "{Annex I Glossary}",
		year = "Accessed 2007",
		note="Adaptation",
		howpublished={\url{http://www.ipcc.ch/pdf/glossary/ar4-wg3.pdf}}}
		
@misc{	IPCC-synthesis-01-question1,
		author = "{Intergovernmental Panel on Climate Change}",
		title = "{Climate Change 2001: Synthesis Report}",
		year = "2001",
		note="Question 1",
		howpublished={\url{http://www.grida.no/publications/other/ipcc_tar/?src=/climate/ipcc_tar/vol4/english/017.htm}}}
		
@misc{	IPCC-workinggroup-01,
		author = "{Intergovernmental Panel on Climate Change}",
		title = "{Climate Change 2001: Working Group II: Impacts, Adaptation and Vulnerability}",
		year = "2001",
		note="Figure SPM-2",
		howpublished={\url{http://www.grida.no/publications/other/ipcc_tar/?src=/climate/ipcc_tar/wg2/figspm-2.htm}}}
		
@misc{	UNFCCC-kyoto-summary,
		author = "{United Nations Framework Convention on Climate Change}",
		title = "{Kyoto Protocol}",
		year = "Accessed 2012",
		howpublished={\url{http://unfccc.int/kyoto_protocol/items/2830.php}}}
		
@misc{	UNFCCC-98-p1,
		author = "{United Nations Framework Convention on Climate Change}",
		title = "{Kyoto Protocol to the United Nations Framework Convention on Climate Change}",
		year = "1998",
		note="Article 2, Paragraph 1",
		howpublished={\url{http://unfccc.int/resource/docs/convkp/kpeng.pdf}}}
		
@misc{	UNFCCC-98-p4,
		author = "{United Nations Framework Convention on Climate Change}",
		title = "{Kyoto Protocol to the United Nations Framework Convention on Climate Change}",
		year = "1998",
		note="Article 2, Paragraph 4",
		howpublished={\url{http://unfccc.int/resource/docs/convkp/kpeng.pdf}}}
		
@misc{	Grubb-04,
		author = "{Michael Grubb}",
		title = "{Kyoto and the Future of International Climate
Change Responses: From Here to Where?}",
		year = "2004",
		howpublished={\url{http://www.econ.cam.ac.uk/rstaff/grubb/publications/J37.pdf}}}
		
@misc{	UNFCCC-92,
		author = "{United Nations Framework Convention on Climate Change}",
		title = "{United Nations Framework Convention on Climate Change}",
		year = "1992",
		howpublished={\url{http://unfccc.int/resource/docs/convkp/conveng.pdf}}}
		
@misc{	UNFCCC-05,
		author = "{United Nations Framework Convention on Climate Change}",
		title = "{Conference of the parties serving as the meeting of the parties to the kyoto protocol}",
		year = "2005",
		note="Decision 2",
		howpublished={\url{http://unfccc.int/resource/docs/2005/cmp1/eng/08a01.pdf}}}
		
@misc{	Grubb-09,
		author = "{Michael Grubb}",
		title = "{Global carbon markets and mechanisms: Emerging lessons and implications}",
		year = "2009",
		howpublished={\url{http://www.eprg.group.cam.ac.uk/wp-content/uploads/2009/07/10_01-m-grubb.pdf}}}
		
@misc{	UNFCCC-CDM-map,
		author = "{United Nations Framework Convention on Climate Change}",
		title = "{CDM Projects interactive map}",
		year = "Accessed 2012",
		howpublished={\url{http://cdm.unfccc.int/Projects/MapApp/index.html?}}}
		
@misc{	UNFCCC-Kyoto-guidelines,
		author = "{United Nations Framework Convention on Climate Change}",
		title = "{Guidelines under Articles 5, 7 and 8: Methodological Issues, Reporting and Review under the Kyoto Protocol}",
		year = "Accessed 2012",
		howpublished={\url{http://unfccc.int/kyoto_protocol/reporting/items/3879.php}}}
		
@misc{	UNFCCC-reporting-review,
		author = "{United Nations Framework Convention on Climate Change}",
		title = "{Existing Requirements for Reporting and Review for Annex I Parties under the Convention and the Kyoto Protocol}",
		year = "Accessed 2012",
		howpublished={\url{http://unfccc.int/national_reports/reporting_and_review_for_annex_i_parties/items/5689.php}}}
		
@misc{	UNFCCC-compliance,
		author = "{United Nations Framework Convention on Climate Change}",
		title = "{An introduction to the Kyoto Protocol Compliance Mechanism}",
		year = "Accessed 2012",
		howpublished={\url{http://unfccc.int/kyoto_protocol/compliance/items/3024.php}}}
		
@misc{	Grubb-economics,
		author = "{United Nations Framework Convention on Climate Change}",
		title = "{The Economics of the Kyoto Protocol}",
		year = "Accessed 2012",
		howpublished={\url{http://unfccc.int/kyoto_protocol/compliance/items/3024.php}}}
		
@misc{	CO2-fuel-highlights,
		author = "{International Energy Agency}",
		title = "{CO2 Emissions from Fuel Combustion: Highlights}",
		year = "2011",
		howpublished={\url{http://www.iea.org/co2highlights/co2highlights.pdf}}}